39900000         2957742120001329999999999          00009900000000000990GRUPO NEXXERA                 HSBC                          NEXXERA   107062017095759000000102001600                                                                    
39900011C2001010 2957742120001329999999999          00009900000000000990GRUPO NEXXERA                                                         Rua Madalena Barbi            181                 Centro-Florianopolis88015190SC                  
3990001300001A00000039900001900000000001090EMPRESA FORNECEDOR 1          0000000001          07062017BRL000000000000000000000000000010                    00000000000000000000000                                                    0          
3990001300002A00070039900002900000000002090EMPRESA FORNECEDOR 2          0000000002          07062017BRL000000000000000000000000020020                    00000000000000000000000                                                    0          
3990001300003A00001839900003900000000003090EMPRESA FORNECEDOR 3          0000000003          07062017BRL000000000000000000000003030030                    00000000000000000000000                                                    0          
39900015         000005000000000003050060000000000000000000000000                                                                                                                                                                               
39999999         000001000007000000                                                                                                                                                                                                             
39900000         2598620590001559999999999          00009900000000000990ARCO IRIS                 CEF                          ARCOIRIS   107062017095759000000102001600                                                                    
39900011C2001010 2598620590001559999999999          00009900000000000990ARCO IRIS                                                         Rua Madalena Barbi            181                 Centro-Florianopolis88015190SC                  
3990001300001A00000039900001900000000001090GRUPO GLOBO LTDA          0000035262          13112013BRL000000000000000000000000030210                    00000000000000000000000                                                    0          
3990001300002A00070039900002900000000002090FRIBOI CARNES ME          0000059852          29072018BRL000000000000000000000021250020                    00000000000000000000000                                                    0          
3990001300003A00001839900003900000000003090ALICE DA SILVA          0000006593          10052015BRL000000000000000000005693030030                    00000000000000000000000                                                    0          
3990001300001A00000039900001900000000001090GRUPO GLOBO LTDA          0000006541          22122015BRL000000000000000000000000005910                    00000000000000000000000                                                    0          
3990001300002A00070039900002900000000002090FRIBOI CARNES ME          0000005962          06121999BRL000000000000000000000044420020                    00000000000000000000000                                                    0          
3990001300003A00001839900003900000000003090ALICE DA SILVA          0000005553          01012020BRL000000000000000000000013030030                    00000000000000000000000                                                    0          
39900015         000005000000000003050060000000000000000000000000                                                                                                                                                                               
39999999         000001000007000000        